@article{einstein,
    author =       "Albert Einstein",
    title =        "{Zur Elektrodynamik bewegter K{\"o}rper}. ({German})
        [{On} the electrodynamics of moving bodies]",
    journal =      "Annalen der Physik",
    volume =       "322",
    number =       "10",
    pages =        "891--921",
    year =         "1905",
    DOI =          "http://dx.doi.org/10.1002/andp.19053221004"
}
 
@misc{html5website,
    title           = "HTML5: A vocabulary and associated APIs for HTML and XHTML",
    year            = "2014",
    howpublished    = "\url{http://www.w3.org/TR/html5/}",
    note            = "[Online; accessed 4-February-2015]"
}

@book{ieeetesting,
    author    = "American National Standards Institute",
    title     = "IEEE Standard for Software Unit Testing",
    year      = "1986",
    publisher = "
The Institute of Electrical and Electronics Engineers, Inc",
}